@article{google-monorepo,
  author  = {Rachel Potvin, Josh Levenberg},
  title   = {Why Google Stores Billions of Lines of Code in a Single Repository},
  journal = {Communication of the ACM},
  year    = {2016},
  volume  = {59},
  number  = {7},
  pages   = {10}
}

@inproceedings{advantages-and-disvantages-of-monorepos,
  author    = {Ciera Jaspan, Matthew Jorde},
  title     = {Advantages and Disadvantages of a Monolithic Repository},
  booktitle = {40th International Conference on Software Engineering: Software Engineering in Practice},
  year      = {2018},
  pages     = {10},
  publisher = {ACM/IEEE}
}

@online{what-is-a-code-repository,
  author  = {David Pawlan},
  title   = {What is a Code Repository? Best Code Repo Hosting in 2021 (Updated for 2022)},
  url     = {https://aloa.co/blog/what-is-code-repository-best-code-repo-hosting-2021},
  urldate = {2022-09-20}
}

@online{what-is-git,
  title   = {Git},
  url     = {https://pt.wikipedia.org/wiki/Git},
  urldate = {2022-09-20}
}

@online{state-of-js,
  title   = {Monorepo Tools},
  url     = {https://2021.stateofjs.com/en-US/libraries/monorepo-tools/},
  urldate = {2022-09-20}
}

@online{monolith-multirepo-monorepo,
  title   = {Monolito, Multirepo ou Monorepo?},
  url     = {https://ggdaltoso.dev/posts/monolito-multirepo-ou-monorepo/},
  urldate = {2022-09-20}
}

@online{docker-overview,
  author  = {Docker},
  title   = {Docker Overview},
  url     = {https://docs.docker.com/get-started/overview/},
  urldate = {2022-09-20}
}

@online{turborepo,
  author  = {Turborepo},
  title   = {Turborepo},
  url     = {https://turborepo.org/},
  urldate = {2022-09-20}
}